@article{ochoa_fst1,
	title = {{$F_{\text{ST}}$} and kinship for arbitrary population structures {I}: Generalized definitions},
	author = {Ochoa, Alejandro and Storey, John D.},
	year = 2016,
	journaltitle = {bioRxiv},
	number = {10.1101/083915},
	note = {\url{https://doi.org/10.1101/083915}.},
}

@article{ochoa_human,
	title = {New kinship and {$F_{\text{ST}}$} estimates reveal higher levels of differentiation in the global human population},
	author = {Ochoa, Alejandro and Storey, John D.},
	year = 2019,
	journaltitle = {bioRxiv},
	number = {10.1101/653279},
	note = {\url{https://doi.org/10.1101/653279}},
}

